/Users/rbussman/Documents/Papers/rbussman.bib